<record><leader>00000cas a2200000 a 4500</leader><controlfield tag="001">17247967</controlfield><controlfield tag="008">871216d19051913wauwr ne      0    0eng d</controlfield><datafield ind1=" " ind2=" " tag="010"><subfield code="a">sn 87093068 </subfield></datafield><datafield ind1=" " ind2=" " tag="040"><subfield code="a">SLZ</subfield><subfield code="b">eng</subfield><subfield code="c">SLZ</subfield><subfield code="d">OCL</subfield><subfield code="d">OCLCQ</subfield><subfield code="d">OCLCF</subfield><subfield code="d">OCLCO</subfield></datafield><datafield ind1="1" ind2=" " tag="029"><subfield code="a">AU@</subfield><subfield code="b">000025838444</subfield></datafield><datafield ind1=" " ind2=" " tag="042"><subfield code="a">msc</subfield></datafield><datafield ind1=" " ind2=" " tag="043"><subfield code="a">n-us-wa</subfield></datafield><datafield ind1="0" ind2=" " tag="130"><subfield code="a">Olympic-leader (Port Angeles, Wash.)</subfield></datafield><datafield ind1="1" ind2="0" tag="245"><subfield code="a">Olympic-leader.</subfield></datafield><datafield ind1=" " ind2=" " tag="260"><subfield code="a">Port Angeles, Wash. :</subfield><subfield code="b">E.B. Webster</subfield></datafield><datafield ind1=" " ind2=" " tag="300"><subfield code="a">13 v.</subfield></datafield><datafield ind1=" " ind2=" " tag="310"><subfield code="a">Weekly</subfield></datafield><datafield ind1="0" ind2=" " tag="362"><subfield code="a">Vol. 17, no, 15 (July 14, 1905)-v. 29, no. 9 (Feb. 28, 1913).</subfield></datafield><datafield ind1=" " ind2="0" tag="651"><subfield code="a">Port Angeles (Wash.)</subfield><subfield code="v">Newspapers.</subfield></datafield><datafield ind1=" " ind2="7" tag="655"><subfield code="a">Newspapers.</subfield><subfield code="2">fast</subfield><subfield code="0">(OCoLC)fst01423814</subfield></datafield><datafield ind1=" " ind2="7" tag="651"><subfield code="a">Washington (State)</subfield><subfield code="z">Port Angeles.</subfield><subfield code="2">fast</subfield><subfield code="0">(OCoLC)fst01218853</subfield></datafield><datafield ind1=" " ind2=" " tag="752"><subfield code="a">United States</subfield><subfield code="b">Washington</subfield><subfield code="c">Clallam</subfield><subfield code="d">Port Angeles.</subfield></datafield><datafield ind1="0" ind2="4" tag="780"><subfield code="t">Democrat-leader (Port Angeles, Wash.)</subfield><subfield code="w">(DLC)sn 87093070</subfield></datafield><datafield ind1="0" ind2="4" tag="780"><subfield code="t">Olympic (Port Angeles, Wash.)</subfield><subfield code="w">(DLC)sn 87093069</subfield></datafield><datafield ind1="0" ind2="6" tag="785"><subfield code="t">Port Angeles leader</subfield><subfield code="w">(DLC)sn 87093067</subfield></datafield><datafield ind1="0" ind2="6" tag="785"><subfield code="t">Port Angeles olympic</subfield><subfield code="w">(DLC)sn 87093066</subfield></datafield></record>